@book{Gendreau2010,
address = {New York :},
archivePrefix = {arXiv},
arxivId = {arXiv:math/0102188v1},
author = {Gendreau, Michel and Potvin, Jean-Yves.},
doi = {10.1007/978-1-4419-1665-5},
eprint = {0102188v1},
isbn = {978-1-4419-1663-1},
issn = {978-1-4419-1665-5},
pages = {123--127},
pmid = {12923581},
publisher = {Springer},
title = {{Handbook of Metaheuristics}},
url = {http://link.springer.com/10.1007/978-1-4419-1665-5},
volume = {146},
year = {2010}
}

@book{Pearl1984,
author = {Pearl, Judea},
doi = {10.1016/0306-4573(85)90100-1},
isbn = {0201055945},
issn = {03064573},
pages = {4--6},
pmid = {3596},
title = {{Heuristics: Intelligent Search Strategies for Computer Problem Solving}},
year = {1984}
}

@book{Sean2010,
author = {Sean, Luke},
doi = {10.1007/s10710-011-9139-0},
isbn = {9780557148592},
issn = {1389-2576},
mendeley-groups = {Optimisation},
pages = {29--52},
title = {{Essentials of Metaheuristics: A Set of Undergraduate Lecture Notes}},
year = {2010}
}

@book{Michalewicz2000,
archivePrefix = {arXiv},
arxivId = {arXiv:1011.1669v3},
author = {Michalewicz, Zbigniew and Fogel, David B.},
doi = {10.1145/568438.568443},
eprint = {arXiv:1011.1669v3},
isbn = {978-3-540-22494-5},
issn = {978-3-662-04133-8},
pages = {277--295},
pmid = {25246403},
title = {{How to Solve It: Modern Heuristics}},
year = {2000}
}

@book{Goldberg1989,
author = {Goldberg, David E.},
pages = {170--172},
title = {{Genetic Algorithms in Search, Optimization {\&} Machine Learning}},
year = {1989}
}

@book{Zapfel2010,
address = {Heidelberg :},
author = {Zäpfel, Günther and Braune, Roland and Bögl, Michael},
isbn = {9783642113420},
pages = {127--133},
publisher = {Springer},
title = {{Metaheuristic Search Concepts: A Tutorial with Applications to Production and Logistics}},
year = {2010}
}

@article{Stutzle1999,
author = {St{\"{u}}tzle, Thomas G.},
pages = {33},
title = {{Local Search Algorithms for Combinatorial Problems - Analysis, Algorithms and New Applications}},
year = {1999}
}

@book{Erickson2014,
author = {Erickson, Jeff},
mendeley-groups = {Optimisation},
title = {{Shortest Paths (Lecture Notes)}},
year = {2014}
}

@article{Hart1972,
author = {Hart, Peter E. and Nilsson, Nils J. and Raphael, Bertram},
booktitle = {ACM SIGART Bulletin},
doi = {10.1145/1056777.1056779},
number = {37},
pages = {28--29},
pmid = {4082128},
title = {{A Formal Basis for the Heuristic Determination of Minimum Cost Paths}},
url = {http://portal.acm.org/citation.cfm?doid=1056777.1056779},
year = {1972}
}


@online{AlsedaPseudo,
author = {Lluís Alsedà},
title = {{A* Algorithm pseudocode}},
url = {http://mat.uab.cat/~alseda/MasterOpt/AStar-Algorithm.pdf}
}

@online{AlsedaRWBin,
author = {Lluís Alsedà},
title = {{Reading and Writing Binary files in C}},
url = {http://mat.uab.cat/~alseda/MasterOpt/ReadingWriting-bin-file.pdf}
}

@online{CLinkedList,
title = {{C Linked List}},
url = {http://www.zentut.com/c-tutorial/c-linked-list/}
}